% $Id: Coupler.bib,v 1.1 2003/02/24 22:59:05 cdeluca Exp $

<Standard LaTeX bibliographic database entries (e.g. @techreport ...).
 Latex2html automatically creates links when the \cite command 
 is used to reference a bibliography entry in the text body.>















